@MISC{nivenrepunits,
    author = {Robert E. Kennedy and Curtis N. Cooper},
    title = {NIVEN REPUNITS AND 10 n = 1 (mod n)},
    year = {1989},
    url = {http://citeseerx.ist.psu.edu/viewdoc/download?doi=10.1.1.388.66&rep=rep1&type=pdf}
}